% Bibliography/Misc.bib
% ------------------------------------------------------------------------------
% Miscellanious citations used in the report
@Misc{Name,
  title     = {Title},
  author    = {Author},
  journal   = {Journal},
  year      = {Year},
  note      = {\url{Link}}
}

@article{BS,
  title     = {The pricing of options and corporate liabilities},
  author    = {Black, Fischer and Scholes, Myron},
  journal   = {Journal of political economy},
  volume    = {81},
  number    = {3},
  year      = {1973},
  publisher = {The University of Chicago Press}
} % https://www.journals.uchicago.edu/doi/epdf/10.1086/260062