% Bibliography/Books.bib
% ------------------------------------------------------------------------------
% Book citation used in the report
@book{Gatheral,
  title     = {The Volatility Surface},
  subtitle  = {A Practitioner's Guide},
  author    = {Jim Gatheral},
  publisher = {John Wiley and Sons},
  year      = {2006},
  volume    = {},
  edition   = {},
}

@book{Roncoroni,
  title     = {Implementing Models in Quantitative Finance: Methods and Cases},
  subtitle  = {},
  author    = {Gianluca Fusai and Andrea Roncoroni},
  publisher = {Springer},
  year      = {2007},
  volume    = {},
  edition   = {},
}

@book{Hull,
  title     = {Options, Futures, and Other Derivatives},
  subtitle  = {},
  author    = {John C. Hull},
  publisher = {Pearson Education International},
  year      = {2009},
  volume    = {},
  edition   = {7th},
}

@article{Art,
  title     = {Deep learning volatility: a deep neural network perspective on pricing and calibration in (rough) volatility models},
  author    = {Blanka Horvath and Aitor Muguruza and Mehdi Tomas},
  publisher = {},
  journal   = {Quantitative Finance},
  volume    = {21},
  year      = {2021},
  url       = {https://www.tandfonline.com/doi/full/10.1080/14697688.2020.1817974},
}

@BOOK{NN,
  author    = {Charu C. Aggarwal},
  title     = {Neural Networks and Deep Learning},
  subtitle  = {},
  publisher = {Springer},
  year      = {2018},
  edition   = {},
}

@BOOK{NNDL,
  author    = {Michael Nielsen},
  title     = {Neural Networks and Deep Learning},
  subtitle  = {},
  publisher = {Determination Press},
  year      = {2015},
  edition   = {},
}

@misc{Cal,
  title     = {Calibration of Local Volatility Model with Stochastic Interest Rates by Efficient Numerical PDE Method},
  author    = {Julien Hok and Shih-Hau Tan},
  publisher = {},
  journal   = {},
  visited   = {21},
  year      = {2018},
  edition   = {1st},
  url       = {},
}

@article{Barron,
  author    = {Andrew R. Barron},
  title     = {Approximation and Estimation Bounds for Artificial Neural Networks},
  journal   = {Machine Learning},
  publisher = {Kluwer Academic Publishers},
  year      = {1994},
  number    = {},
  volume    = {14},
}

@article{REOS,
  author    = {Ronen Eldan and Ohad Shamir},
  title     = {The Power of Depth for Feedforward Neural Networks},
  journal   = {JMLR: Workshop and Conference Proceedings},
  publisher = {PMLR},
  booktitle = {29th Annual Conference on Learning Theory},
  year      = {2016},
  number    = {},
  editor    = {Feldman, Vitaly and Rakhlin, Alexander and Shamir, Ohad},
  volume    = {49},
} % http://proceedings.mlr.press/v49/eldan16.pdf

@article{Dropout,
  author    = {Nitish Srivastava and Geoffrey Hinton and Alex Krizhevsky and Ilya Sutskever and Ruslan Salakhutdinov},
  title     = {Dropout: A Simple Way to Prevent Neural Networks from Overfitting},
  journal   = {Journal of Machine Learning Research},
  publisher = {JMLR},
  pages     = {1929--1958},
  url       = {http://jmlr.org/papers/v15/srivastava14a.html},
  year      = {2014},
  number    = {56},
  editor    = {Yoshua Bengio},
  volume    = {15},
} % https://www.cs.toronto.edu/~rsalakhu/papers/srivastava14a.pdf
