% Bibliography/Std-books.bib
% ---------------------------------------------------------------------------
% For textbooks used throughout the education's courses

% P1 | Calculus
@Book{ComplexAndDiff,
  author    = {Morten Nielsen},
  title     = {An Introduction to Complex Numbers and Differential Equations},
  publisher = {Pearson},
  year      = {2011},
  edition   = {2nd}
}
@Book{CALC,
  author    = {C. Henry Edwards and David E. Penney},
  title     = {Calculus: Early Transcendentals},
  publisher = {Pearson},
  year      = {2014},
  edition   = {7th}
}

% P2 | Lineær algebra
@Book{LIAL,
  author    = {L. Spence and A. Insel and S. Friedberg},
  title     = {Elementary Linear Algebra: A Matrix Approach},
  publisher = {Pearson},
  year      = {2014},
  edition   = {2nd}
}

% P3 | Lineær algebra med anvendelse
@Book{LAMA,
  author    = {Sheldon Axler},
  title     = {Linear Algebra Done Right},
  publisher = {Springer International Publishing},
  year      = {2015},
  edition   = {3rd}
}

% P3-P4 | Analyse 1-2
@BOOK{ANA1/2,
  author    = {Ebbe Thue Poulsen},
  title     = {Funktioner af en og flere variable: Indledning til matematisk analyse},
  publisher = {Institut for Matematik, Aarhus Universitet},
  year      = {2016},
  edition   = {1st},
}

% P4 | Sandsynlighedsregning
@BOOK{SAND,
  author    = {Peter Olofsson and Mikael Andersson},
  title     = {Probability, Statistics, And Stochastic Processes},
  publisher = {John Wiley \& Sons, Inc., Hoboken, New Jersey},
  year      = {2012},
  edition   = {2nd},
}

% P4 | Finansielle markeder
@BOOK{FM,
  author    = {David Hillier and Mark Grinblatt and Sheridan Titman},
  title     = {Financial markets and corporate strategy},
  publisher = {McGraw-Hill Education},
  year      = {2012},
  edition   = {2nd {European}},
}

% P5 | Financial Engineering
@BOOK{FE,
  author    = {},
  title     = {},
  publisher = {},
  year      = {},
  edition   = {},
}

% P5 | Optimering
@BOOK{OPT,
  author    = {Niclas Andréasson and Anton Evgrafov and Michael Patriksson},
  title     = {An introduction to Continuous Optimization: Foundations and Fundamental Algorithms},
  publisher = {},
  year      = {},
  edition   = {},
}

% P5 | Statisk inferens for linære modeller
@BOOK{SILM,
  author    = {Henrik Madsen and Poul Thyregod},
  title     = {Introduction to General and Generalized Linear Models},
  publisher = {Taylor \& Francis Group},
  year      = {2010},
  edition   = {1st},
}

% P6 | Tidsrækkeanalyse
@BOOK{TRA-SHST,
  author    = {Robert H. Shumway and David S. Stoffer},
  title     = {Time Series Analysis and Its Applications},
  publisher = {Springer},
  year      = {2016},
  edition   = {4th},
}
@BOOK{TRA-RU,
  author    = {David Ruppert},
  title     = {Stastics and Data Analysis for Financial Engineering},
  publisher = {Springer},
  year      = {2010},
  edition   = {1st},
}
@BOOK{TRA-PF,
  author    = {Berhnhard Pfaff},
  title     = {Analysis of Integrated and Cointegrated Time Series with \texttt{R}},
  publisher = {Springer},
  year      = {2008},
  edition   = {2nd},
}
@BOOK{TRA-CC,
  author    = {Jonathan D. Cryer and Kung-Sik Chan},
  title     = {Time Series Analysis with Applications in \texttt{R}},
  publisher = {Springer},
  year      = {2008},
  edition   = {2nd},
}
@BOOK{TRA-BLÆS,
  author    = {Preben Blæsild},
  title     = {Introduktion til Tidsrækker},
  publisher = {Institut for Matematik},
  year      = {2013},
  edition   = {1st},
}

% P6 | Integrationsteori
@Misc{IT,
  author    = {Oliver Matte},
  title     = {Measure and Integration Theory},
  year      = {2022},
}

% P6 | Rumlig statistik og MCMC
@BOOK{RSMC-MW04,
  author    = {Jesper Møller and Rasmus Plenge Waagepetersen},
  title     = {Statistical Inference and Simulation for Spatial Point Processes},
  publisher = {Chapman \& Hall/CRC},
  year      = {2004},
  edition   = {1st},
}
@BOOK{RSMC-BM04,
  author    = {Kasper K. Berthelsen and Jesper Møller},
  title     = {A short diversion into the theory of Markov chains, with a view to Markov chain Monte Carlo methods},
  publisher = {Department of Mathematical Sciences, Aalborg University},
  year      = {2004},
  edition   = {1st},
}

% P7 | Stokastisk Analyse
@Misc{SA-Oliver,
  author    = {Oliver Matte},
  title     = {},
  year      = {2022},
}
@Misc{SA-Orimar,
  author    = {Orimar Sauri},
  title     = {},
  year      = {2022},
}

% P7 | 

% P7 | 

% P8 | Statistisk læring
@BOOK{SL-ISLR,
  author    = {Gareth James and Daniela Witten and Trevor Hastie and Robert Tibshirani},
  title     = {An Introduction to Statistical Learning},
  subtitle  = {with Applications in R},
  publisher = {Springer},
  year      = {2021},
  edition   = {2nd},
}
@BOOK{SL-ESL,
  author    = {Trevor Hastie and Robeert Tibshirani and Jerome Friedman},
  title     = {The Elements of Statistical Learning},
  subtitle  = {Data Mining, Inference, and Prediction},
  publisher = {Springer},
  year      = {2017},
  edition   = {2nd},
}

% P8 | 